@MANUAL{exemple,
author = {M. Goossens and F. Mittelbach and A. Samarin},
title = {The {\LaTeX} companion},
publisher = {Addison-Wesley},
address = {New-York},
year = {1994}
}

@Book{Corduneanu,
author = {Corduneanu, C.},
title = {Integral Equations and Stability of Feedback Systems},
publisher = {Academic Press, New York},
year = {1973},
}

@Article{mawhin1987,
author = {Mawhin, Jean},
title = {First order ordinary differential equations with several periodic solutions},
journal = {Zeitschrift f{\"u}r angewandte Mathematik und Physik ZAMP},
year = {1987},
volume = {38},
number = {2},
pages = {257--265},
publisher = {Springer},
}

@InCollection{Milnor,
author = {J Milnor},
title = {Morse Theory},
booktitle = {Annals of mathematics studies},
year = {1963},
volumes = {51},
publisher={ABC}
}
